<record><leader>00000cas a22000007a 4500</leader><controlfield tag="001">21586198</controlfield><controlfield tag="008">900524d18951908moudn ne      0    0eng d</controlfield><datafield ind1=" " ind2=" " tag="010"><subfield code="a">sn 90061641 </subfield></datafield><datafield ind1=" " ind2=" " tag="040"><subfield code="a">MQN</subfield><subfield code="b">eng</subfield><subfield code="c">MQN</subfield><subfield code="d">OCLCQ</subfield></datafield><datafield ind1=" " ind2=" " tag="042"><subfield code="a">msc</subfield></datafield><datafield ind1="0" ind2=" " tag="130"><subfield code="a">Springfield Republican (Springfield, Mo. : 1895)</subfield></datafield><datafield ind1="1" ind2="4" tag="245"><subfield code="a">The Springfield Republican.</subfield></datafield><datafield ind1=" " ind2=" " tag="260"><subfield code="a">Springfield, Mo. :</subfield><subfield code="b">J.P. Tracey,</subfield><subfield code="c">1895-1908.</subfield></datafield><datafield ind1=" " ind2=" " tag="300"><subfield code="a">v.</subfield></datafield><datafield ind1=" " ind2=" " tag="310"><subfield code="a">Daily (except Mon)</subfield></datafield><datafield ind1="0" ind2=" " tag="362"><subfield code="a">Vol. 4, no. 129 (Oct. 24, 1895)-v. 17, no. 124 (May 23, 1908).</subfield></datafield><datafield ind1=" " ind2=" " tag="752"><subfield code="a">United States</subfield><subfield code="b">Missouri</subfield><subfield code="c">Greene</subfield><subfield code="d">Springfield.</subfield></datafield><datafield ind1="0" ind2=" " tag="775"><subfield code="t">Springfield weekly Republican (Springfield, Mo.)</subfield><subfield code="w">(DLC)sn 92058850</subfield></datafield><datafield ind1="0" ind2="0" tag="780"><subfield code="t">Springfield daily Republican (Springfield, Mo. : 1892)</subfield><subfield code="w">(DLC)sn 90061640</subfield></datafield><datafield ind1="0" ind2="0" tag="785"><subfield code="t">Springfield Missouri Republican</subfield><subfield code="w">(DLC)sn 86063980</subfield></datafield></record>